01REMESSA01COBRANCA       0718951663          SERVICOS PRO-CONDOMINO MARINGA748BANSICREDI     3012990000001                                                                                                                                                                                                                                                                                               000001
102010010010001130718951663                                   2000000000000000    AI 0190000000000000     3 011000      15010800000000123457480000001N160508000000000000000000000000000000000000000000000000000000000000000100011111111111MARIA PEREIRA                           AV. BRASIL, N. 35                                   01000000SAO PAULO      SP                                           000002
9                                                                                                                                                                                                                                                                                                                                                                                                         000003
